[gd_scene load_steps=4 format=2]

[ext_resource path="res://scripts/ui/MoreMenu.gd" type="Script" id=1]
[ext_resource path="res://scenes/ui/UIPanel.tscn" type="PackedScene" id=2]
[ext_resource path="res://assets/ui/theme.tres" type="Theme" id=3]

[node name="MoreMenu" type="Control"]

anchor_left = 0.0
anchor_top = 0.0
anchor_right = 0.0
anchor_bottom = 0.0
margin_left = 60.0
margin_top = 220.0
margin_right = 290.0
margin_bottom = 450.0
rect_pivot_offset = Vector2( 0, 0 )
rect_clip_content = false
mouse_filter = 0
mouse_default_cursor_shape = 0
size_flags_horizontal = 1
size_flags_vertical = 1
script = ExtResource( 1 )
_sections_unfolded = [ "Rect" ]

[node name="UIPanel" parent="." index="0" instance=ExtResource( 2 )]

margin_right = 230.0
margin_bottom = 230.0

[node name="Container" type="VBoxContainer" parent="." index="1"]

anchor_left = 0.5
anchor_top = 0.5
anchor_right = 0.5
anchor_bottom = 0.5
margin_left = -105.0
margin_top = -95.0
margin_right = 105.0
margin_bottom = 96.0
rect_pivot_offset = Vector2( 0, 0 )
rect_clip_content = false
mouse_filter = 1
mouse_default_cursor_shape = 0
size_flags_horizontal = 1
size_flags_vertical = 1
alignment = 1
_sections_unfolded = [ "Rect" ]

[node name="Shop" type="Button" parent="Container" index="0"]

anchor_left = 0.0
anchor_top = 0.0
anchor_right = 0.0
anchor_bottom = 0.0
margin_right = 210.0
margin_bottom = 61.0
rect_pivot_offset = Vector2( 0, 0 )
rect_clip_content = false
mouse_filter = 0
mouse_default_cursor_shape = 0
size_flags_horizontal = 1
size_flags_vertical = 3
theme = ExtResource( 3 )
toggle_mode = false
enabled_focus_mode = 0
shortcut = null
group = null
text = "GO_TO_SHOP_LABEL"
flat = false
align = 1

[node name="Tracks" type="Button" parent="Container" index="1"]

anchor_left = 0.0
anchor_top = 0.0
anchor_right = 0.0
anchor_bottom = 0.0
margin_top = 65.0
margin_right = 210.0
margin_bottom = 126.0
rect_pivot_offset = Vector2( 0, 0 )
rect_clip_content = false
mouse_filter = 0
mouse_default_cursor_shape = 0
size_flags_horizontal = 1
size_flags_vertical = 3
theme = ExtResource( 3 )
toggle_mode = false
enabled_focus_mode = 0
shortcut = null
group = null
text = "CHANGE_TRACK_LABEL"
flat = false
align = 1

[node name="Help" type="Button" parent="Container" index="2"]

anchor_left = 0.0
anchor_top = 0.0
anchor_right = 0.0
anchor_bottom = 0.0
margin_top = 130.0
margin_right = 210.0
margin_bottom = 191.0
rect_pivot_offset = Vector2( 0, 0 )
rect_clip_content = false
mouse_filter = 0
mouse_default_cursor_shape = 0
size_flags_horizontal = 1
size_flags_vertical = 3
theme = ExtResource( 3 )
toggle_mode = false
enabled_focus_mode = 0
shortcut = null
group = null
text = "HELP_LABEL"
flat = false
align = 1

[connection signal="pressed" from="Container/Shop" to="." method="_on_Shop_pressed"]

[connection signal="pressed" from="Container/Tracks" to="." method="_on_Tracks_pressed"]

[connection signal="pressed" from="Container/Help" to="." method="_on_Help_pressed"]


