[gd_scene load_steps=10 format=2]

[ext_resource path="res://scripts/ui/ShopCompostMenu.gd" type="Script" id=1]
[ext_resource path="res://assets/ui/small_compost.png" type="Texture" id=2]
[ext_resource path="res://assets/ui/small_compost_disabled.png" type="Texture" id=3]
[ext_resource path="res://assets/ui/medium_compost.png" type="Texture" id=4]
[ext_resource path="res://assets/ui/medium_compost_disabled.png" type="Texture" id=5]
[ext_resource path="res://assets/ui/big_compost.png" type="Texture" id=6]
[ext_resource path="res://assets/ui/big_compost_disabled.png" type="Texture" id=7]
[ext_resource path="res://assets/ui/theme.tres" type="Theme" id=8]
[ext_resource path="res://assets/ui/sollars_icon.png" type="Texture" id=9]

[node name="ShopCompostMenu" type="VBoxContainer"]

anchor_left = 0.0
anchor_top = 0.0
anchor_right = 0.0
anchor_bottom = 0.0
margin_right = 340.0
margin_bottom = 112.0
rect_pivot_offset = Vector2( 0, 0 )
rect_clip_content = false
mouse_filter = 1
mouse_default_cursor_shape = 0
size_flags_horizontal = 1
size_flags_vertical = 1
custom_constants/separation = 15
alignment = 0
script = ExtResource( 1 )
_sections_unfolded = [ "Margin", "Rect", "custom_constants" ]

[node name="Buttons" type="HBoxContainer" parent="." index="0"]

anchor_left = 0.0
anchor_top = 0.0
anchor_right = 0.0
anchor_bottom = 0.0
margin_right = 340.0
margin_bottom = 50.0
rect_pivot_offset = Vector2( 0, 0 )
rect_clip_content = false
mouse_filter = 1
mouse_default_cursor_shape = 0
size_flags_horizontal = 1
size_flags_vertical = 1
alignment = 0
_sections_unfolded = [ "Margin", "Rect", "Size Flags", "custom_constants" ]

[node name="Small" type="TextureButton" parent="Buttons" index="0"]

anchor_left = 0.0
anchor_top = 0.0
anchor_right = 0.0
anchor_bottom = 0.0
margin_left = 30.0
margin_right = 80.0
margin_bottom = 50.0
rect_pivot_offset = Vector2( 0, 0 )
rect_clip_content = false
focus_mode = 2
mouse_filter = 0
mouse_default_cursor_shape = 0
size_flags_horizontal = 6
size_flags_vertical = 1
toggle_mode = false
enabled_focus_mode = 2
shortcut = null
group = null
texture_normal = ExtResource( 2 )
texture_disabled = ExtResource( 3 )
_sections_unfolded = [ "Size Flags", "Textures" ]

[node name="Medium" type="TextureButton" parent="Buttons" index="1"]

anchor_left = 0.0
anchor_top = 0.0
anchor_right = 0.0
anchor_bottom = 0.0
margin_left = 144.0
margin_right = 194.0
margin_bottom = 50.0
rect_pivot_offset = Vector2( 0, 0 )
rect_clip_content = false
focus_mode = 2
mouse_filter = 0
mouse_default_cursor_shape = 0
size_flags_horizontal = 6
size_flags_vertical = 1
toggle_mode = false
enabled_focus_mode = 2
shortcut = null
group = null
texture_normal = ExtResource( 4 )
texture_disabled = ExtResource( 5 )
_sections_unfolded = [ "Size Flags", "Textures" ]

[node name="Big" type="TextureButton" parent="Buttons" index="2"]

anchor_left = 0.0
anchor_top = 0.0
anchor_right = 0.0
anchor_bottom = 0.0
margin_left = 259.0
margin_right = 309.0
margin_bottom = 50.0
rect_pivot_offset = Vector2( 0, 0 )
rect_clip_content = false
focus_mode = 2
mouse_filter = 0
mouse_default_cursor_shape = 0
size_flags_horizontal = 6
size_flags_vertical = 1
toggle_mode = false
enabled_focus_mode = 2
shortcut = null
group = null
texture_normal = ExtResource( 6 )
texture_disabled = ExtResource( 7 )
_sections_unfolded = [ "Size Flags", "Textures" ]

[node name="Names" type="HBoxContainer" parent="." index="1"]

anchor_left = 0.0
anchor_top = 0.0
anchor_right = 0.0
anchor_bottom = 0.0
margin_top = 65.0
margin_right = 340.0
margin_bottom = 81.0
rect_pivot_offset = Vector2( 0, 0 )
rect_clip_content = false
mouse_filter = 1
mouse_default_cursor_shape = 0
size_flags_horizontal = 1
size_flags_vertical = 1
alignment = 0

[node name="Small" type="Label" parent="Names" index="0"]

anchor_left = 0.0
anchor_top = 0.0
anchor_right = 0.0
anchor_bottom = 0.0
margin_left = 4.0
margin_right = 105.0
margin_bottom = 16.0
rect_pivot_offset = Vector2( 0, 0 )
rect_clip_content = false
mouse_filter = 2
mouse_default_cursor_shape = 0
size_flags_horizontal = 6
size_flags_vertical = 4
theme = ExtResource( 8 )
text = "SMALL_COMPOST"
align = 1
percent_visible = 1.0
lines_skipped = 0
max_lines_visible = -1
_sections_unfolded = [ "Size Flags" ]

[node name="Medium" type="Label" parent="Names" index="1"]

anchor_left = 0.0
anchor_top = 0.0
anchor_right = 0.0
anchor_bottom = 0.0
margin_left = 114.0
margin_right = 226.0
margin_bottom = 16.0
rect_pivot_offset = Vector2( 0, 0 )
rect_clip_content = false
mouse_filter = 2
mouse_default_cursor_shape = 0
size_flags_horizontal = 6
size_flags_vertical = 4
theme = ExtResource( 8 )
text = "MEDIUM_COMPOST"
align = 1
percent_visible = 1.0
lines_skipped = 0
max_lines_visible = -1
_sections_unfolded = [ "Size Flags" ]

[node name="Big" type="Label" parent="Names" index="2"]

anchor_left = 0.0
anchor_top = 0.0
anchor_right = 0.0
anchor_bottom = 0.0
margin_left = 244.0
margin_right = 325.0
margin_bottom = 16.0
rect_pivot_offset = Vector2( 0, 0 )
rect_clip_content = false
mouse_filter = 2
mouse_default_cursor_shape = 0
size_flags_horizontal = 6
size_flags_vertical = 4
theme = ExtResource( 8 )
text = "BIG_COMPOST"
align = 1
percent_visible = 1.0
lines_skipped = 0
max_lines_visible = -1
_sections_unfolded = [ "Size Flags" ]

[node name="Prices" type="HBoxContainer" parent="." index="2"]

anchor_left = 0.0
anchor_top = 0.0
anchor_right = 0.0
anchor_bottom = 0.0
margin_top = 96.0
margin_right = 340.0
margin_bottom = 116.0
rect_pivot_offset = Vector2( 0, 0 )
rect_clip_content = false
mouse_filter = 1
mouse_default_cursor_shape = 0
size_flags_horizontal = 1
size_flags_vertical = 1
alignment = 0

[node name="Small" type="HBoxContainer" parent="Prices" index="0"]

anchor_left = 0.0
anchor_top = 0.0
anchor_right = 0.0
anchor_bottom = 0.0
margin_left = 39.0
margin_right = 71.0
margin_bottom = 20.0
rect_pivot_offset = Vector2( 0, 0 )
rect_clip_content = false
mouse_filter = 2
mouse_default_cursor_shape = 0
size_flags_horizontal = 6
size_flags_vertical = 4
theme = ExtResource( 8 )
alignment = 0
_sections_unfolded = [ "Size Flags" ]

[node name="Price" type="Label" parent="Prices/Small" index="0"]

anchor_left = 0.0
anchor_top = 0.0
anchor_right = 0.0
anchor_bottom = 0.0
margin_top = 2.0
margin_right = 8.0
margin_bottom = 18.0
rect_pivot_offset = Vector2( 0, 0 )
rect_clip_content = false
mouse_filter = 2
mouse_default_cursor_shape = 0
size_flags_horizontal = 1
size_flags_vertical = 4
text = "0"
percent_visible = 1.0
lines_skipped = 0
max_lines_visible = -1

[node name="TextureRect" type="TextureRect" parent="Prices/Small" index="1"]

anchor_left = 0.0
anchor_top = 0.0
anchor_right = 0.0
anchor_bottom = 0.0
margin_left = 12.0
margin_right = 32.0
margin_bottom = 20.0
rect_pivot_offset = Vector2( 0, 0 )
rect_clip_content = false
mouse_filter = 1
mouse_default_cursor_shape = 0
size_flags_horizontal = 1
size_flags_vertical = 1
texture = ExtResource( 9 )
stretch_mode = 0

[node name="Medium" type="HBoxContainer" parent="Prices" index="1"]

anchor_left = 0.0
anchor_top = 0.0
anchor_right = 0.0
anchor_bottom = 0.0
margin_left = 153.0
margin_right = 185.0
margin_bottom = 20.0
rect_pivot_offset = Vector2( 0, 0 )
rect_clip_content = false
mouse_filter = 2
mouse_default_cursor_shape = 0
size_flags_horizontal = 6
size_flags_vertical = 4
theme = ExtResource( 8 )
alignment = 0
_sections_unfolded = [ "Size Flags" ]

[node name="Price" type="Label" parent="Prices/Medium" index="0"]

anchor_left = 0.0
anchor_top = 0.0
anchor_right = 0.0
anchor_bottom = 0.0
margin_top = 2.0
margin_right = 8.0
margin_bottom = 18.0
rect_pivot_offset = Vector2( 0, 0 )
rect_clip_content = false
mouse_filter = 2
mouse_default_cursor_shape = 0
size_flags_horizontal = 1
size_flags_vertical = 4
text = "0"
percent_visible = 1.0
lines_skipped = 0
max_lines_visible = -1

[node name="TextureRect" type="TextureRect" parent="Prices/Medium" index="1"]

anchor_left = 0.0
anchor_top = 0.0
anchor_right = 0.0
anchor_bottom = 0.0
margin_left = 12.0
margin_right = 32.0
margin_bottom = 20.0
rect_pivot_offset = Vector2( 0, 0 )
rect_clip_content = false
mouse_filter = 1
mouse_default_cursor_shape = 0
size_flags_horizontal = 1
size_flags_vertical = 1
texture = ExtResource( 9 )
stretch_mode = 0

[node name="Big" type="HBoxContainer" parent="Prices" index="2"]

anchor_left = 0.0
anchor_top = 0.0
anchor_right = 0.0
anchor_bottom = 0.0
margin_left = 268.0
margin_right = 300.0
margin_bottom = 20.0
rect_pivot_offset = Vector2( 0, 0 )
rect_clip_content = false
mouse_filter = 2
mouse_default_cursor_shape = 0
size_flags_horizontal = 6
size_flags_vertical = 4
theme = ExtResource( 8 )
alignment = 0
_sections_unfolded = [ "Size Flags" ]

[node name="Price" type="Label" parent="Prices/Big" index="0"]

anchor_left = 0.0
anchor_top = 0.0
anchor_right = 0.0
anchor_bottom = 0.0
margin_top = 2.0
margin_right = 8.0
margin_bottom = 18.0
rect_pivot_offset = Vector2( 0, 0 )
rect_clip_content = false
mouse_filter = 2
mouse_default_cursor_shape = 0
size_flags_horizontal = 1
size_flags_vertical = 4
text = "0"
percent_visible = 1.0
lines_skipped = 0
max_lines_visible = -1

[node name="TextureRect" type="TextureRect" parent="Prices/Big" index="1"]

anchor_left = 0.0
anchor_top = 0.0
anchor_right = 0.0
anchor_bottom = 0.0
margin_left = 12.0
margin_right = 32.0
margin_bottom = 20.0
rect_pivot_offset = Vector2( 0, 0 )
rect_clip_content = false
mouse_filter = 1
mouse_default_cursor_shape = 0
size_flags_horizontal = 1
size_flags_vertical = 1
texture = ExtResource( 9 )
stretch_mode = 0

[node name="Amounts" type="HBoxContainer" parent="." index="3"]

anchor_left = 0.0
anchor_top = 0.0
anchor_right = 0.0
anchor_bottom = 0.0
margin_top = 131.0
margin_right = 340.0
margin_bottom = 147.0
rect_pivot_offset = Vector2( 0, 0 )
rect_clip_content = false
mouse_filter = 1
mouse_default_cursor_shape = 0
size_flags_horizontal = 1
size_flags_vertical = 1
alignment = 0

[node name="Small" type="Label" parent="Amounts" index="0"]

anchor_left = 0.0
anchor_top = 0.0
anchor_right = 0.0
anchor_bottom = 0.0
margin_left = 55.0
margin_right = 55.0
margin_bottom = 16.0
rect_pivot_offset = Vector2( 0, 0 )
rect_clip_content = false
mouse_filter = 2
mouse_default_cursor_shape = 0
size_flags_horizontal = 6
size_flags_vertical = 4
theme = ExtResource( 8 )
align = 1
percent_visible = 1.0
lines_skipped = 0
max_lines_visible = -1
_sections_unfolded = [ "Size Flags" ]

[node name="Medium" type="Label" parent="Amounts" index="1"]

anchor_left = 0.0
anchor_top = 0.0
anchor_right = 0.0
anchor_bottom = 0.0
margin_left = 169.0
margin_right = 169.0
margin_bottom = 16.0
rect_pivot_offset = Vector2( 0, 0 )
rect_clip_content = false
mouse_filter = 2
mouse_default_cursor_shape = 0
size_flags_horizontal = 6
size_flags_vertical = 4
theme = ExtResource( 8 )
align = 1
percent_visible = 1.0
lines_skipped = 0
max_lines_visible = -1
_sections_unfolded = [ "Size Flags" ]

[node name="Big" type="Label" parent="Amounts" index="2"]

anchor_left = 0.0
anchor_top = 0.0
anchor_right = 0.0
anchor_bottom = 0.0
margin_left = 284.0
margin_right = 284.0
margin_bottom = 16.0
rect_pivot_offset = Vector2( 0, 0 )
rect_clip_content = false
mouse_filter = 2
mouse_default_cursor_shape = 0
size_flags_horizontal = 6
size_flags_vertical = 4
theme = ExtResource( 8 )
align = 1
percent_visible = 1.0
lines_skipped = 0
max_lines_visible = -1
_sections_unfolded = [ "Size Flags" ]

[connection signal="pressed" from="Buttons/Small" to="." method="_on_Small_pressed"]

[connection signal="pressed" from="Buttons/Medium" to="." method="_on_Medium_pressed"]

[connection signal="pressed" from="Buttons/Big" to="." method="_on_Big_pressed"]


