[gd_scene load_steps=6 format=2]

[ext_resource path="res://scripts/ui/TrackListMenu.gd" type="Script" id=1]
[ext_resource path="res://scenes/ui/UIPanel.tscn" type="PackedScene" id=2]
[ext_resource path="res://assets/ui/arrowBeige_left.png" type="Texture" id=3]
[ext_resource path="res://assets/ui/theme.tres" type="Theme" id=4]
[ext_resource path="res://assets/ui/arrowBeige_right.png" type="Texture" id=5]

[node name="TrackListMenu" type="Control" index="0"]

anchor_left = 0.0
anchor_top = 0.0
anchor_right = 0.0
anchor_bottom = 0.0
margin_left = 40.0
margin_top = 90.0
margin_right = 320.0
margin_bottom = 500.0
rect_pivot_offset = Vector2( 0, 0 )
rect_clip_content = false
mouse_filter = 1
mouse_default_cursor_shape = 0
size_flags_horizontal = 1
size_flags_vertical = 1
script = ExtResource( 1 )
_sections_unfolded = [ "Rect", "Size Flags", "custom_constants" ]

[node name="UIPanel" parent="." index="0" instance=ExtResource( 2 )]

margin_right = 280.0
margin_bottom = 410.0

[node name="Container" type="VBoxContainer" parent="." index="1"]

anchor_left = 0.0
anchor_top = 0.0
anchor_right = 0.0
anchor_bottom = 0.0
margin_left = 10.0
margin_top = 10.0
margin_right = 270.0
margin_bottom = 31.0
rect_pivot_offset = Vector2( 0, 0 )
rect_clip_content = false
mouse_filter = 1
mouse_default_cursor_shape = 0
size_flags_horizontal = 1
size_flags_vertical = 1
alignment = 0
_sections_unfolded = [ "Size Flags" ]

[node name="Buttons" type="HBoxContainer" parent="Container" index="0"]

anchor_left = 0.0
anchor_top = 0.0
anchor_right = 0.0
anchor_bottom = 0.0
margin_right = 260.0
margin_bottom = 21.0
rect_pivot_offset = Vector2( 0, 0 )
rect_clip_content = false
mouse_filter = 1
mouse_default_cursor_shape = 0
size_flags_horizontal = 7
size_flags_vertical = 1
custom_constants/separation = 10
alignment = 1
_sections_unfolded = [ "Rect", "Size Flags", "custom_constants" ]

[node name="Prev" type="TextureButton" parent="Container/Buttons" index="0"]

anchor_left = 0.0
anchor_top = 0.0
anchor_right = 0.0
anchor_bottom = 0.0
margin_left = 40.0
margin_right = 62.0
margin_bottom = 21.0
rect_pivot_offset = Vector2( 0, 0 )
rect_clip_content = false
focus_mode = 2
mouse_filter = 0
mouse_default_cursor_shape = 0
size_flags_horizontal = 6
size_flags_vertical = 1
toggle_mode = false
enabled_focus_mode = 2
shortcut = null
group = null
texture_normal = ExtResource( 3 )
_sections_unfolded = [ "Size Flags", "Textures", "Theme" ]

[node name="Label" type="Label" parent="Container/Buttons" index="1"]

anchor_left = 0.0
anchor_top = 0.0
anchor_right = 0.0
anchor_bottom = 0.0
margin_left = 113.0
margin_top = 2.0
margin_right = 146.0
margin_bottom = 18.0
rect_pivot_offset = Vector2( 0, 0 )
rect_clip_content = false
mouse_filter = 2
mouse_default_cursor_shape = 0
size_flags_horizontal = 1
size_flags_vertical = 4
theme = ExtResource( 4 )
text = "pages"
align = 1
percent_visible = 1.0
lines_skipped = 0
max_lines_visible = -1
_sections_unfolded = [ "Size Flags" ]

[node name="Next" type="TextureButton" parent="Container/Buttons" index="2"]

anchor_left = 0.0
anchor_top = 0.0
anchor_right = 0.0
anchor_bottom = 0.0
margin_left = 197.0
margin_right = 219.0
margin_bottom = 21.0
rect_pivot_offset = Vector2( 0, 0 )
rect_clip_content = false
focus_mode = 2
mouse_filter = 0
mouse_default_cursor_shape = 0
size_flags_horizontal = 6
size_flags_vertical = 1
toggle_mode = false
enabled_focus_mode = 2
shortcut = null
group = null
texture_normal = ExtResource( 5 )
_sections_unfolded = [ "Size Flags", "Textures" ]

[node name="NoTracks" type="Label" parent="Container" index="1"]

visible = false
anchor_left = 0.0
anchor_top = 0.0
anchor_right = 0.0
anchor_bottom = 0.0
margin_top = 24.0
margin_right = 250.0
margin_bottom = 38.0
rect_pivot_offset = Vector2( 0, 0 )
rect_clip_content = false
mouse_filter = 2
mouse_default_cursor_shape = 0
size_flags_horizontal = 1
size_flags_vertical = 4
theme = ExtResource( 4 )
text = "NO_TRACKS_LABEL"
align = 1
valign = 1
autowrap = true
percent_visible = 1.0
lines_skipped = 0
max_lines_visible = -1

[connection signal="pressed" from="Container/Buttons/Prev" to="." method="_on_Prev_pressed"]

[connection signal="pressed" from="Container/Buttons/Next" to="." method="_on_Next_pressed"]


